@inproceedings{duda2015development,
  title={Development of an integrated simulation platform for real-time task performance assessment},
  author={Duda, Kevin R and Prasov, Zahar and York, Stephen P and West, John J and Robinson, Stephen K and Handley, Patrick M},
  booktitle={Aerospace Conference, 2015 IEEE},
  pages={1--9},
  year={2015},
  organization={IEEE}
}

@article{hainley2013pilot,
  title={Pilot performance, workload, and situation awareness during lunar landing mode transitions},
  author={Hainley Jr, Christopher J and Duda, Kevin R and Oman, Charles M and Natapoff, Alan},
  journal={Journal of Spacecraft and Rockets},
  volume={50},
  number={4},
  pages={793--801},
  year={2013},
  publisher={American Institute of Aeronautics and Astronautics}
}

@phdthesis{hainley2011lunar,
  title={Lunar landing: dynamic operator interaction with multi-modal automation systems},
  author={Hainley Jr, Christopher James},
  year={2011},
  school={Massachusetts Institute of Technology}
}

@article{patton2013visuomotor,
  title={Visuomotor learning enhanced by augmenting instantaneous trajectory error feedback during reaching},
  author={Patton, James L and Wei, Yejun John and Bajaj, Preeti and Scheidt, Robert A},
  journal={PloS one},
  volume={8},
  number={1},
  pages={e46466},
  year={2013},
  publisher={Public Library of Science}
}

@article{sweet1999identification,
  title={The identification and modeling of visual cue usage in manual control task experiments},
  author={Sweet, Barbara Townsend and Trejo, Leonard J},
  year={1999}
}

@book{wickens2015engineering,
  title={Engineering psychology \& human performance},
  author={Wickens, Christopher D and Hollands, Justin G and Banbury, Simon and Parasuraman, Raja},
  year={2015},
  publisher={Psychology Press}
}

@article{crosby1979dual,
  title={A dual task investigation of pilots' skill level},
  author={Crosby, John V and Parkinson, Stanley R},
  journal={Ergonomics},
  volume={22},
  number={12},
  pages={1301--1313},
  year={1979},
  publisher={Taylor \& Francis}
}

@article{wickens1986sternberg,
  title={The Sternberg memory search task as an index of pilot workload},
  author={Wickens, Christopher D and Hyman, Fred and Dellinger, John and Taylor, Henry and Meador, Marty},
  journal={Ergonomics},
  volume={29},
  number={11},
  pages={1371--1383},
  year={1986},
  publisher={Taylor \& Francis}
}

@book{hancock2008human,
  title={Human factors in simulation and training},
  author={Hancock, Peter A and Vincenzi, Dennis A and Wise, John A and Mouloua, Mustapha},
  year={2008},
  publisher={CRC Press}
}

@article{wickens1991processing,
  title={Processing resources and attention},
  author={Wickens, Christopher D},
  journal={Multiple-task performance},
  pages={3--34},
  year={1991}
}

@techreport{mcruer1965human,
  title={Human pilot dynamics in compensatory systems},
  author={McRuer, Duane T},
  year={1965},
  institution={DTIC Document}
}

@article{mcruer1967review,
  title={A review of quasi-linear pilot models},
  author={McRuer, Duane T and Jex, Henry R},
  journal={Human Factors in Electronics, IEEE Transactions on},
  number={3},
  pages={231--249},
  year={1967},
  publisher={IEEE}
}

@techreport{safer,
  author={Vassigh, K., Weigel, D., and Mack, T.},
  title={USA Simplified Aid for EVA Rescue (SAFER) Operations Manual},
  institution={NASA},
  year={1998},
}

@incollection {draper1965guidance,
  author={Draper, CS and Wrigley, W and Hoag, DG and Battin, RH and Miller, JE and Koso, DA and Hopkins, AL and VanderVelde, WE},
  affiliation = {Massachusetts: Massachusetts Institute of Technology, Instrumentation Laboratory},
  title = {Apollo Guidance and Navigation (Report)},
  year={1965}
}

% \bibitem{ieee2015}
% Duda, Kevin R., et al. ``Development of an integrated simulation platform for real-time task performance assessment.'' Aerospace Conference, 2015 IEEE. IEEE, 2015.

% \bibitem{Hainley}
% Hainley Jr, Christopher J., et al. ``Pilot performance, workload, and situation awareness during lunar landing mode transitions.'' Journal of Spacecraft and Rockets 50.4 (2013): 793-801.

% \bibitem{Hainleythesis}
% Hainley Jr, Christopher James. ``Lunar landing: dynamic operator interaction with multi-modal automation systems.'' S.M. Thesis. Massachusetts Institute of Technology, 2011.

% \bibitem{Patton}
% Patton, James L., et al. ``Visuomotor learning enhanced by augmenting instantaneous trajectory error feedback during reaching.'' (2013): e46466.

% \bibitem{sumofsines}
% Sweet, Barbara Townsend. ``The identification and modeling of visual cue usage in manual control task experiments.'' Stanford University, 1999.

% \bibitem{wickens}
% Wickens, Christopher D. ``Engineering psychology and human performance.'' HarperCollins Publishers, 1992.

% \bibitem{crosby}
% J. V. Crosby and S. Parkinson. ``A Dual Task Investigation of Pilot's Skill Level.'' Ergonomics, vol. 22, pp. 1301-1313, 1979.

% \bibitem{sternberg}
% C. D. Wickens, F. Hyman, J. Dellinger, H. Taylor, and M. Meador. ``The Sternberg Memory Search Task as an Index of Pilot Workload.'' Ergonomics, vol. 29, pp. 1371-1383, 1986.

% \bibitem{humanfactors}
% Hancock, Peter A., et al., eds. ``Human factors in simulation and training.'' CRC Press, 2008.

% \bibitem{wiki_f1}
% Wikipedia contributors. ``F1 score.'' Wikipedia, The Free Encyclopedia. August 7, 2015, 21:35 UTC. Available at: \url{https://en.wikipedia.org/w/index.php?title=F1_score&oldid=675044303}. Accessed January 7, 2016.

% \bibitem{draper}
% Draper, C. S.; Wrigley, W.; Hoag, G.; Battin, R. H.; Miller, E.; Koso, A.; Hopkins, A. L.; Vander Velde, W. E. (June 1965). Apollo Guidance and Navigation (Report). Massachusetts: Massachusetts Institute of Technology, Instrumentation Laboratory.

% \bibitem{wickens0}
% Wickens, Christopher D. ``Processing resources and attention.'' Multiple-task performance (1991): 3-34.

% \bibitem{wickens}
% Wickens, C. D., Hollands, J. G. (2000). ``Engineering Psychology and Human Performance (3rd ed.).'' Upper Saddle River, NJ: Prentice Hall.

% \bibitem{mcruer1}
% McRuer, Duane T. ``Human pilot dynamics in compensatory systems.'' SYSTEMS TECHNOLOGY INC HAWTHORNE CA, 1965.

% \bibitem{mcruer2}
% McRuer, Duane T., and Henry R. Jex. ``A review of quasi-linear pilot models.'' Human Factors in Electronics, IEEE Transactions on 3 (1967): 231-249.
